@misc{cite0,
	author = {Herbert Kociemba},
    title = {The Mathematics behind Cube Explorer},
   	howpublished = {\url{http://kociemba.org/cube.htm}},
    year = 2014
}

@misc{cite1,
    author = "Wikipedia",
    title = {Optimal solutions for Rubik's Cube},
   	howpublished = {\url{https://en.wikipedia.org/wiki/Optimal_solutions_for_Rubik%27s_Cube}},
    year = 2017
}


@misc{cite2,
    author = "Francocube",
    title = {Le rubik's cube facile ? Vraiment ?},
   	howpublished = {\url{https://www.francocube.com/cyril/rubik_index}},
    year = 2016
}

@misc{cite3,
    author = "khayyam90",
    title = {Recherche de chemin par l'algorithme A*},
   	howpublished = {\url{http://khayyam.developpez.com/articles/algo/astar/}},
    year = 2008
}

@misc{cite4,
    author = "Jaap Scherphuis and Morwen B. Thistlethwaite",
    title = {Thistlethwaite's 52-move algorithm},
   	howpublished = {\url{https://www.jaapsch.net/puzzles/thistle.htm}},
    year = 1981
}

@misc{cite5,
    author = "Oracle",
    title = {Documentation Java3D},
   	howpublished = {\url{http://download.java.net/media/java3d/javadoc/1.3.2/overview-summary.html}},
    year = 2017
}

@misc{cite6,
    author = "j3d.org",
    title = {Documentation OpenGL pour Java},
   	howpublished = {\url{http://opengl.j3d.org/licenses/index.html}},
    year = 2010
}


@misc{cite7,
    author = "opencv.org",
    title = {Documentation OpenCV},
   	howpublished = {\url{http://opencv.org/}},
    year = 2017
}

@misc{cite8,
    author = "Oracle",
    title = {Documentation awt},
    howpublished = {\url{https://docs.oracle.com/javase/7/docs/api/java/awt/package-summary.html}},
    year = 2017
}

@misc{cite9,
    author = "Oracle",
    title = {Documentation Swing},
    howpublished = {\url{https://docs.oracle.com/javase/6/docs/technotes/guides/swing/}},
    year = 2017
}


@misc{cite10,
    author = "William Arrouy",
    title = {Les réseaux de Neurones},
    howpublished = {\url{http://william.arrouy.free.fr/neural/neu6.html}},
    year = 2001
}

@misc{cite11,
    author = "Dénes Ferenc.",
    title = {Rubik’s Cube Notation},
    howpublished = {\url{https://ruwix.com/the-rubiks-cube/notation/}},
    year = 2016
}

@misc{cite12,
    author = "Philippe Picart",
    title = {Quelques sous-groupes
du groupe du Rubik's cube},
    howpublished = {\url{http://trucsmaths.free.fr/rubik_sous_groupe.htm}},
}
